@article{smith2011lorem,
  title={lorem ipsum dolor sit amet},
  author={Smith, Coach and Lewis, Coach},
  year={2011}
}